%YAML 1.1
%TAG !u! tag:unity3d.com,2011:
--- !u!114 &-7843338940590710016
MonoBehaviour:
  m_ObjectHideFlags: 1
  m_CorrespondingSourceObject: {fileID: 0}
  m_PrefabInstance: {fileID: 0}
  m_PrefabAsset: {fileID: 0}
  m_GameObject: {fileID: 0}
  m_Enabled: 1
  m_EditorHideFlags: 0
  m_Script: {fileID: 11500000, guid: 42e7026d0da7df848ab67d517ac12d74, type: 3}
  m_Name: RGBA
  m_EditorClassIdentifier: 
  body: {fileID: 9131831114672751735}
  side: 2
  sidePosition: 52
  sideOffset: 0
  connections:
  - {fileID: -6329962607144460219}
  typeID: SuperFloat4
  calculationBlockade: 0
--- !u!114 &-7808321672884568388
MonoBehaviour:
  m_ObjectHideFlags: 1
  m_CorrespondingSourceObject: {fileID: 0}
  m_PrefabInstance: {fileID: 0}
  m_PrefabAsset: {fileID: 0}
  m_GameObject: {fileID: 0}
  m_Enabled: 1
  m_EditorHideFlags: 0
  m_Script: {fileID: 11500000, guid: 42e7026d0da7df848ab67d517ac12d74, type: 3}
  m_Name: RGBA
  m_EditorClassIdentifier: 
  body: {fileID: 4000390645208630865}
  side: 2
  sidePosition: 102
  sideOffset: 0
  connections:
  - {fileID: 2520625453436928670}
  typeID: SuperFloat4
  calculationBlockade: 0
--- !u!114 &-7394781348515253144
MonoBehaviour:
  m_ObjectHideFlags: 1
  m_CorrespondingSourceObject: {fileID: 0}
  m_PrefabInstance: {fileID: 0}
  m_PrefabAsset: {fileID: 0}
  m_GameObject: {fileID: 0}
  m_Enabled: 1
  m_EditorHideFlags: 0
  m_Script: {fileID: 11500000, guid: f6ab6487237ff124ea4c2aa5de9ce3fb, type: 3}
  m_Name: MainEditorState
  m_EditorClassIdentifier: 
  canvas: {fileID: 11400000}
  parentEditor: {fileID: 0}
  drawing: 1
  selectedNode: {fileID: -1398635706695225259}
  LivePreviewShaderPath: 
  ShaderName: 
  ShaderInMemory: {fileID: 0}
  panOffset: {x: 1608.6018, y: 101.19975}
  zoom: 3.2
--- !u!114 &-6810542737243401682
MonoBehaviour:
  m_ObjectHideFlags: 1
  m_CorrespondingSourceObject: {fileID: 0}
  m_PrefabInstance: {fileID: 0}
  m_PrefabAsset: {fileID: 0}
  m_GameObject: {fileID: 0}
  m_Enabled: 1
  m_EditorHideFlags: 0
  m_Script: {fileID: 11500000, guid: 4caff27366054dd44a30ddb5be369acc, type: 3}
  m_Name: RGBA
  m_EditorClassIdentifier: 
  body: {fileID: -1398635706695225259}
  side: 4
  sidePosition: 122
  sideOffset: 0
  connection: {fileID: -3783235765443401610}
  typeID: SuperFloat4
--- !u!114 &-6329962607144460219
MonoBehaviour:
  m_ObjectHideFlags: 1
  m_CorrespondingSourceObject: {fileID: 0}
  m_PrefabInstance: {fileID: 0}
  m_PrefabAsset: {fileID: 0}
  m_GameObject: {fileID: 0}
  m_Enabled: 1
  m_EditorHideFlags: 0
  m_Script: {fileID: 11500000, guid: 4caff27366054dd44a30ddb5be369acc, type: 3}
  m_Name: RGBA
  m_EditorClassIdentifier: 
  body: {fileID: 2421934847970066489}
  side: 4
  sidePosition: 102
  sideOffset: 0
  connection: {fileID: -7843338940590710016}
  typeID: SuperFloat4
--- !u!114 &-6327267234270653755
MonoBehaviour:
  m_ObjectHideFlags: 1
  m_CorrespondingSourceObject: {fileID: 0}
  m_PrefabInstance: {fileID: 0}
  m_PrefabAsset: {fileID: 0}
  m_GameObject: {fileID: 0}
  m_Enabled: 1
  m_EditorHideFlags: 0
  m_Script: {fileID: 11500000, guid: 4caff27366054dd44a30ddb5be369acc, type: 3}
  m_Name: RGBA
  m_EditorClassIdentifier: 
  body: {fileID: 2421934847970066489}
  side: 4
  sidePosition: 122
  sideOffset: 0
  connection: {fileID: 2447662395133011133}
  typeID: SuperFloat4
--- !u!114 &-5802473717738133142
MonoBehaviour:
  m_ObjectHideFlags: 1
  m_CorrespondingSourceObject: {fileID: 0}
  m_PrefabInstance: {fileID: 0}
  m_PrefabAsset: {fileID: 0}
  m_GameObject: {fileID: 0}
  m_Enabled: 1
  m_EditorHideFlags: 0
  m_Script: {fileID: 11500000, guid: 4caff27366054dd44a30ddb5be369acc, type: 3}
  m_Name: UV
  m_EditorClassIdentifier: 
  body: {fileID: -4586966417366801128}
  side: 4
  sidePosition: 102
  sideOffset: 0
  connection: {fileID: 0}
  typeID: SuperFloat2
--- !u!114 &-5504289375850609102
MonoBehaviour:
  m_ObjectHideFlags: 1
  m_CorrespondingSourceObject: {fileID: 0}
  m_PrefabInstance: {fileID: 0}
  m_PrefabAsset: {fileID: 0}
  m_GameObject: {fileID: 0}
  m_Enabled: 1
  m_EditorHideFlags: 0
  m_Script: {fileID: 11500000, guid: 4caff27366054dd44a30ddb5be369acc, type: 3}
  m_Name: UV
  m_EditorClassIdentifier: 
  body: {fileID: 3291555091743029150}
  side: 4
  sidePosition: 102
  sideOffset: 0
  connection: {fileID: 5161093103174838077}
  typeID: SuperFloat2
--- !u!114 &-5055522543001572842
MonoBehaviour:
  m_ObjectHideFlags: 1
  m_CorrespondingSourceObject: {fileID: 0}
  m_PrefabInstance: {fileID: 0}
  m_PrefabAsset: {fileID: 0}
  m_GameObject: {fileID: 0}
  m_Enabled: 1
  m_EditorHideFlags: 0
  m_Script: {fileID: 11500000, guid: 4caff27366054dd44a30ddb5be369acc, type: 3}
  m_Name: UV
  m_EditorClassIdentifier: 
  body: {fileID: 4680454504465108943}
  side: 4
  sidePosition: 52
  sideOffset: 0
  connection: {fileID: 0}
  typeID: SuperFloat2
--- !u!114 &-4601533143513506815
MonoBehaviour:
  m_ObjectHideFlags: 1
  m_CorrespondingSourceObject: {fileID: 0}
  m_PrefabInstance: {fileID: 0}
  m_PrefabAsset: {fileID: 0}
  m_GameObject: {fileID: 0}
  m_Enabled: 1
  m_EditorHideFlags: 0
  m_Script: {fileID: 11500000, guid: 4caff27366054dd44a30ddb5be369acc, type: 3}
  m_Name: UV
  m_EditorClassIdentifier: 
  body: {fileID: 9131831114672751735}
  side: 4
  sidePosition: 52
  sideOffset: 0
  connection: {fileID: -3715302211262230359}
  typeID: SuperFloat2
--- !u!114 &-4586966417366801128
MonoBehaviour:
  m_ObjectHideFlags: 1
  m_CorrespondingSourceObject: {fileID: 0}
  m_PrefabInstance: {fileID: 0}
  m_PrefabAsset: {fileID: 0}
  m_GameObject: {fileID: 0}
  m_Enabled: 1
  m_EditorHideFlags: 0
  m_Script: {fileID: 11500000, guid: c610608dcee10064f93d4f2009f02c21, type: 3}
  m_Name: Animated Rotation UV
  m_EditorClassIdentifier: 
  rect:
    serializedVersion: 2
    x: -2271.902
    y: -120.09982
    width: 172
    height: 380
  nodeKnobs:
  - {fileID: -5802473717738133142}
  - {fileID: 5161093103174838077}
  Inputs:
  - {fileID: -5802473717738133142}
  Outputs:
  - {fileID: 5161093103174838077}
  Variable: 54
  Variable2: 0.5
  Variable3: 0.5
  Variable4: 0.5
  Variable5: 0.75
  AddParameters: 1
  MemoCount: 1
--- !u!114 &-4325905448569817733
MonoBehaviour:
  m_ObjectHideFlags: 1
  m_CorrespondingSourceObject: {fileID: 0}
  m_PrefabInstance: {fileID: 0}
  m_PrefabAsset: {fileID: 0}
  m_GameObject: {fileID: 0}
  m_Enabled: 1
  m_EditorHideFlags: 0
  m_Script: {fileID: 11500000, guid: 245ba0f541aeffa4abb5938641b07509, type: 3}
  m_Name: Preview Texture
  m_EditorClassIdentifier: 
  rect:
    serializedVersion: 2
    x: -1275.8022
    y: -30.799805
    width: 168
    height: 253
  nodeKnobs:
  - {fileID: -530503842931646573}
  - {fileID: -3783235765443401610}
  Inputs:
  - {fileID: -530503842931646573}
  Outputs:
  - {fileID: -3783235765443401610}
  result: "//////////////////////////////////////////////////////////////\n/// Shadero
    Sprite: Sprite Shader Editor - by VETASOFT 2018 //\n/// Shader generate with Shadero
    1.9.6                      //\n/// http://u3d.as/V7t #AssetStore                           //\n///
    http://www.shadero.com #Docs                            //\n//////////////////////////////////////////////////////////////\n\nShader
    \"Shadero Previews/PreviewXATXQ1\"\n{\nProperties\n{\n[PerRendererData] _MainTex(\"Sprite
    Texture\", 2D) = \"white\" {}\nOffsetUV_X_1(\"OffsetUV_X_1\", Range(-1, 1)) =
    0\nOffsetUV_Y_1(\"OffsetUV_Y_1\", Range(-1, 1)) = 0\nOffsetUV_ZoomX_1(\"OffsetUV_ZoomX_1\",
    Range(0.1, 10)) = 2\nOffsetUV_ZoomY_1(\"OffsetUV_ZoomY_1\", Range(0.1, 10)) =
    2\nAnimatedOffsetUV_X_1(\"AnimatedOffsetUV_X_1\", Range(-1, 1)) = 0.15\nAnimatedOffsetUV_Y_1(\"AnimatedOffsetUV_Y_1\",
    Range(-1, 1)) = 0\nAnimatedOffsetUV_ZoomX_1(\"AnimatedOffsetUV_ZoomX_1\", Range(1,
    10)) = 1\nAnimatedOffsetUV_ZoomY_1(\"AnimatedOffsetUV_ZoomY_1\", Range(1, 10))
    = 1\nAnimatedOffsetUV_Speed_1(\"AnimatedOffsetUV_Speed_1\", Range(-1, 1)) = 0.1\n_NewTex_1(\"NewTex_1(RGB)\",
    2D) = \"white\" { }\nAnimatedRotationUV_AnimatedRotationUV_Rotation_1(\"AnimatedRotationUV_AnimatedRotationUV_Rotation_1\",
    Range(-360, 360)) = 54\nAnimatedRotationUV_AnimatedRotationUV_PosX_1(\"AnimatedRotationUV_AnimatedRotationUV_PosX_1\",
    Range(-1, 2)) = 0.5\nAnimatedRotationUV_AnimatedRotationUV_PosY_1(\"AnimatedRotationUV_AnimatedRotationUV_PosY_1\",
    Range(-1, 2)) = 0.5\nAnimatedRotationUV_AnimatedRotationUV_Intensity_1(\"AnimatedRotationUV_AnimatedRotationUV_Intensity_1\",
    Range(0, 4)) = 0.5\nAnimatedRotationUV_AnimatedRotationUV_Speed_1(\"AnimatedRotationUV_AnimatedRotationUV_Speed_1\",
    Range(-10, 10)) = 0.75\n_Generate_Voronoi_Size_1(\"_Generate_Voronoi_Size_1\",
    Range(0, 128)) = 8\n_Generate_Voronoi_Seed_1(\"_Generate_Voronoi_Seed_1\", Range(1,
    2)) = 1\n_MaskAlpha_Fade_1(\"_MaskAlpha_Fade_1\", Range(0, 1)) = 0\n_SpriteFade(\"SpriteFade\",
    Range(0, 1)) = 1.0\n\n// required for UI.Mask\n[HideInInspector]_StencilComp(\"Stencil
    Comparison\", Float) = 8\n[HideInInspector]_Stencil(\"Stencil ID\", Float) = 0\n[HideInInspector]_StencilOp(\"Stencil
    Operation\", Float) = 0\n[HideInInspector]_StencilWriteMask(\"Stencil Write Mask\",
    Float) = 255\n[HideInInspector]_StencilReadMask(\"Stencil Read Mask\", Float)
    = 255\n[HideInInspector]_ColorMask(\"Color Mask\", Float) = 15\n\n}\n\nSubShader\n{\n\nTags
    {\"Queue\" = \"Transparent\" \"IgnoreProjector\" = \"true\" \"RenderType\" = \"Transparent\"
    \"PreviewType\"=\"Plane\" \"CanUseSpriteAtlas\"=\"True\" }\nZWrite Off Blend SrcAlpha
    OneMinusSrcAlpha Cull Off \n\n// required for UI.Mask\nStencil\n{\nRef [_Stencil]\nComp
    [_StencilComp]\nPass [_StencilOp]\nReadMask [_StencilReadMask]\nWriteMask [_StencilWriteMask]\n}\n\nPass\n{\n\nCGPROGRAM\n#pragma
    vertex vert\n#pragma fragment frag\n#pragma fragmentoption ARB_precision_hint_fastest\n#include
    \"UnityCG.cginc\"\n\nstruct appdata_t{\nfloat4 vertex   : POSITION;\nfloat4 color
    \   : COLOR;\nfloat2 texcoord : TEXCOORD0;\n};\n\nstruct v2f\n{\nfloat2 texcoord
    \ : TEXCOORD0;\nfloat4 vertex   : SV_POSITION;\nfloat4 color    : COLOR;\n};\n\nsampler2D
    _MainTex;\nfloat _SpriteFade;\nfloat OffsetUV_X_1;\nfloat OffsetUV_Y_1;\nfloat
    OffsetUV_ZoomX_1;\nfloat OffsetUV_ZoomY_1;\nfloat AnimatedOffsetUV_X_1;\nfloat
    AnimatedOffsetUV_Y_1;\nfloat AnimatedOffsetUV_ZoomX_1;\nfloat AnimatedOffsetUV_ZoomY_1;\nfloat
    AnimatedOffsetUV_Speed_1;\nsampler2D _NewTex_1;\nfloat AnimatedRotationUV_AnimatedRotationUV_Rotation_1;\nfloat
    AnimatedRotationUV_AnimatedRotationUV_PosX_1;\nfloat AnimatedRotationUV_AnimatedRotationUV_PosY_1;\nfloat
    AnimatedRotationUV_AnimatedRotationUV_Intensity_1;\nfloat AnimatedRotationUV_AnimatedRotationUV_Speed_1;\nfloat
    _Generate_Voronoi_Size_1;\nfloat _Generate_Voronoi_Seed_1;\nfloat _MaskAlpha_Fade_1;\n\nv2f
    vert(appdata_t IN)\n{\nv2f OUT;\nOUT.vertex = UnityObjectToClipPos(IN.vertex);\nOUT.texcoord
    = IN.texcoord;\nOUT.color = IN.color;\nreturn OUT;\n}\n\n\nfloat2 AnimatedOffsetUV(float2
    uv, float offsetx, float offsety, float zoomx, float zoomy, float speed)\n{\nspeed
    *=_Time*25;\nuv += float2(offsetx*speed, offsety*speed);\nuv = fmod(uv * float2(zoomx,
    zoomy), 1);\nreturn uv;\n}\nfloat2 OffsetUV(float2 uv, float offsetx, float offsety,
    float zoomx, float zoomy)\n{\nuv += float2(offsetx, offsety);\nuv = fmod(uv *
    float2(zoomx, zoomy), 1);\nreturn uv;\n}\n\nfloat2 OffsetUVClamp(float2 uv, float
    offsetx, float offsety, float zoomx, float zoomy)\n{\nuv += float2(offsetx, offsety);\nuv
    = fmod(clamp(uv * float2(zoomx, zoomy), 0.0001, 0.9999), 1);\nreturn uv;\n}\nfloat3
    Generate_Voronoi_hash3(float2 p, float seed)\n{\nfloat3 q = float3(dot(p, float2(127.1,
    311.7)),\ndot(p, float2(269.5, 183.3)),\ndot(p, float2(419.2, 371.9)));\nreturn
    frac(sin(q) * 43758.5453 * seed);\n}\nfloat4 Generate_Voronoi(float2 uv, float
    size,float seed, float black)\n{\nfloat2 p = floor(uv*size);\nfloat2 f = frac(uv*size);\nfloat
    k = 1.0 + 63.0*pow(1.0, 4.0);\nfloat va = 0.0;\nfloat wt = 0.0;\nfor (int j =
    -2; j <= 2; j++)\n{\nfor (int i = -2; i <= 2; i++)\n{\nfloat2 g = float2(float(i),
    float(j));\nfloat3 o = Generate_Voronoi_hash3(p + g, seed)*float3(1.0, 1.0, 1.0);\nfloat2
    r = g - f + o.xy;\nfloat d = dot(r, r);\nfloat ww = pow(1.0 - smoothstep(0.0,
    1.414, sqrt(d)), k);\nva += o.z*ww;\nwt += ww;\n}\n}\nfloat4 result = saturate(va
    / wt);\nresult.a = saturate(result.a + black);\nreturn result;\n}\nfloat2 AnimatedRotationUV(float2
    uv, float rot, float posx, float posy, float radius, float speed)\n{\nuv = uv
    - float2(posx, posy);\nfloat angle = rot * 0.01744444;\nangle += sin(_Time * speed
    * 20) * radius;\nfloat sinX = sin(angle);\nfloat cosX = cos(angle);\nfloat2x2
    rotationMatrix = float2x2(cosX, -sinX, sinX, cosX);\nuv = mul(uv, rotationMatrix)
    + float2(posx, posy);\nreturn uv;\n}\nfloat4 frag (v2f i) : COLOR\n{\nfloat2 OffsetUV_1
    = OffsetUV(i.texcoord,OffsetUV_X_1,OffsetUV_Y_1,OffsetUV_ZoomX_1,OffsetUV_ZoomY_1);\nfloat2
    AnimatedOffsetUV_1 = AnimatedOffsetUV(OffsetUV_1,AnimatedOffsetUV_X_1,AnimatedOffsetUV_Y_1,AnimatedOffsetUV_ZoomX_1,AnimatedOffsetUV_ZoomY_1,AnimatedOffsetUV_Speed_1);\nfloat4
    NewTex_1 = tex2D(_NewTex_1,AnimatedOffsetUV_1);\nfloat2 AnimatedRotationUV_1 =
    AnimatedRotationUV(i.texcoord,AnimatedRotationUV_AnimatedRotationUV_Rotation_1,AnimatedRotationUV_AnimatedRotationUV_PosX_1,AnimatedRotationUV_AnimatedRotationUV_PosY_1,AnimatedRotationUV_AnimatedRotationUV_Intensity_1,AnimatedRotationUV_AnimatedRotationUV_Speed_1);\nfloat4
    _Generate_Voronoi_1 = Generate_Voronoi(AnimatedRotationUV_1,_Generate_Voronoi_Size_1,_Generate_Voronoi_Seed_1,0);\nfloat4
    MaskAlpha_1=NewTex_1;\nMaskAlpha_1.a = lerp(_Generate_Voronoi_1.a, 1 - _Generate_Voronoi_1.a,_MaskAlpha_Fade_1);\nfloat4
    FinalResult = MaskAlpha_1;\nFinalResult.rgb *= i.color.rgb;\nFinalResult.a = FinalResult.a
    * _SpriteFade * i.color.a;\nreturn FinalResult;\n}\n\nENDCG\n}\n}\nFallback \"Sprites/Default\"\n}\n"
  backpreview: 0
  ShaderString: Shadero Previews/PreviewXATXQ1
--- !u!114 &-3783235765443401610
MonoBehaviour:
  m_ObjectHideFlags: 1
  m_CorrespondingSourceObject: {fileID: 0}
  m_PrefabInstance: {fileID: 0}
  m_PrefabAsset: {fileID: 0}
  m_GameObject: {fileID: 0}
  m_Enabled: 1
  m_EditorHideFlags: 0
  m_Script: {fileID: 11500000, guid: 42e7026d0da7df848ab67d517ac12d74, type: 3}
  m_Name: RGBA
  m_EditorClassIdentifier: 
  body: {fileID: -4325905448569817733}
  side: 2
  sidePosition: 52
  sideOffset: 0
  connections:
  - {fileID: -6810542737243401682}
  typeID: SuperFloat4
  calculationBlockade: 0
--- !u!114 &-3715302211262230359
MonoBehaviour:
  m_ObjectHideFlags: 1
  m_CorrespondingSourceObject: {fileID: 0}
  m_PrefabInstance: {fileID: 0}
  m_PrefabAsset: {fileID: 0}
  m_GameObject: {fileID: 0}
  m_Enabled: 1
  m_EditorHideFlags: 0
  m_Script: {fileID: 11500000, guid: 42e7026d0da7df848ab67d517ac12d74, type: 3}
  m_Name: UV
  m_EditorClassIdentifier: 
  body: {fileID: -3536431276575048748}
  side: 2
  sidePosition: 102
  sideOffset: 0
  connections:
  - {fileID: -4601533143513506815}
  typeID: SuperFloat2
  calculationBlockade: 0
--- !u!114 &-3536431276575048748
MonoBehaviour:
  m_ObjectHideFlags: 1
  m_CorrespondingSourceObject: {fileID: 0}
  m_PrefabInstance: {fileID: 0}
  m_PrefabAsset: {fileID: 0}
  m_GameObject: {fileID: 0}
  m_Enabled: 1
  m_EditorHideFlags: 0
  m_Script: {fileID: 11500000, guid: 5fd29f2f982c26241bd2f300c8a98fcf, type: 3}
  m_Name: Animated Offset UV
  m_EditorClassIdentifier: 
  rect:
    serializedVersion: 2
    x: -2199.8003
    y: -606.8
    width: 172
    height: 380
  nodeKnobs:
  - {fileID: 4304883111144512014}
  - {fileID: -3715302211262230359}
  Inputs:
  - {fileID: 4304883111144512014}
  Outputs:
  - {fileID: -3715302211262230359}
  Variable: 0.15
  Variable2: 0
  Variable3: 1
  Variable4: 1
  Variable5: 0.1
  AddParameters: 1
  MemoCount: 1
--- !u!114 &-3526835660620388546
MonoBehaviour:
  m_ObjectHideFlags: 1
  m_CorrespondingSourceObject: {fileID: 0}
  m_PrefabInstance: {fileID: 0}
  m_PrefabAsset: {fileID: 0}
  m_GameObject: {fileID: 0}
  m_Enabled: 1
  m_EditorHideFlags: 0
  m_Script: {fileID: 11500000, guid: da0a24bab1293f04d997dae2ec51c468, type: 3}
  m_Name: Build Shader
  m_EditorClassIdentifier: 
  rect:
    serializedVersion: 2
    x: -13.8
    y: -288.2
    width: 400
    height: 520
  nodeKnobs:
  - {fileID: 2520625453436928670}
  Inputs:
  - {fileID: 2520625453436928670}
  Outputs: []
  BuildErrorFlag: 0
  BuildLightningSupport: 0
--- !u!114 &-2652829030515393579
MonoBehaviour:
  m_ObjectHideFlags: 1
  m_CorrespondingSourceObject: {fileID: 0}
  m_PrefabInstance: {fileID: 0}
  m_PrefabAsset: {fileID: 0}
  m_GameObject: {fileID: 0}
  m_Enabled: 1
  m_EditorHideFlags: 0
  m_Script: {fileID: 11500000, guid: 42e7026d0da7df848ab67d517ac12d74, type: 3}
  m_Name: RGBA
  m_EditorClassIdentifier: 
  body: {fileID: 4680454504465108943}
  side: 2
  sidePosition: 52
  sideOffset: 0
  connections:
  - {fileID: -1890911827677594282}
  - {fileID: -2524787497517177681}
  typeID: SuperFloat4
  calculationBlockade: 0
--- !u!114 &-2524787497517177681
MonoBehaviour:
  m_ObjectHideFlags: 1
  m_CorrespondingSourceObject: {fileID: 0}
  m_PrefabInstance: {fileID: 0}
  m_PrefabAsset: {fileID: 0}
  m_GameObject: {fileID: 0}
  m_Enabled: 1
  m_EditorHideFlags: 0
  m_Script: {fileID: 11500000, guid: 4caff27366054dd44a30ddb5be369acc, type: 3}
  m_Name: RGBA
  m_EditorClassIdentifier: 
  body: {fileID: 3740367711211309074}
  side: 4
  sidePosition: 122
  sideOffset: 0
  connection: {fileID: -2652829030515393579}
  typeID: SuperFloat4
--- !u!114 &-1890911827677594282
MonoBehaviour:
  m_ObjectHideFlags: 1
  m_CorrespondingSourceObject: {fileID: 0}
  m_PrefabInstance: {fileID: 0}
  m_PrefabAsset: {fileID: 0}
  m_GameObject: {fileID: 0}
  m_Enabled: 1
  m_EditorHideFlags: 0
  m_Script: {fileID: 11500000, guid: 4caff27366054dd44a30ddb5be369acc, type: 3}
  m_Name: RGBA
  m_EditorClassIdentifier: 
  body: {fileID: 4000390645208630865}
  side: 4
  sidePosition: 102
  sideOffset: 0
  connection: {fileID: -2652829030515393579}
  typeID: SuperFloat4
--- !u!114 &-1398635706695225259
MonoBehaviour:
  m_ObjectHideFlags: 1
  m_CorrespondingSourceObject: {fileID: 0}
  m_PrefabInstance: {fileID: 0}
  m_PrefabAsset: {fileID: 0}
  m_GameObject: {fileID: 0}
  m_Enabled: 1
  m_EditorHideFlags: 0
  m_Script: {fileID: 11500000, guid: cda82f893517afd47be4026a2e165a6c, type: 3}
  m_Name: Destroyer
  m_EditorClassIdentifier: 
  rect:
    serializedVersion: 2
    x: -927.802
    y: 168.80023
    width: 172
    height: 260
  nodeKnobs:
  - {fileID: 7381272180655952459}
  - {fileID: -6810542737243401682}
  - {fileID: 7923494719191921655}
  Inputs:
  - {fileID: 7381272180655952459}
  - {fileID: -6810542737243401682}
  Outputs:
  - {fileID: 7923494719191921655}
  Variable: 0.5
  Variable2: 0.5
  result: 
  HDR: 0
  HDRvalue: 1
  parametersOK: 1
  MemoCount: 1
--- !u!114 &-1155545674870220888
MonoBehaviour:
  m_ObjectHideFlags: 1
  m_CorrespondingSourceObject: {fileID: 0}
  m_PrefabInstance: {fileID: 0}
  m_PrefabAsset: {fileID: 0}
  m_GameObject: {fileID: 0}
  m_Enabled: 1
  m_EditorHideFlags: 0
  m_Script: {fileID: 11500000, guid: 4caff27366054dd44a30ddb5be369acc, type: 3}
  m_Name: RGBA
  m_EditorClassIdentifier: 
  body: {fileID: 4000390645208630865}
  side: 4
  sidePosition: 122
  sideOffset: 0
  connection: {fileID: 8407449317028283242}
  typeID: SuperFloat4
--- !u!114 &-530503842931646573
MonoBehaviour:
  m_ObjectHideFlags: 1
  m_CorrespondingSourceObject: {fileID: 0}
  m_PrefabInstance: {fileID: 0}
  m_PrefabAsset: {fileID: 0}
  m_GameObject: {fileID: 0}
  m_Enabled: 1
  m_EditorHideFlags: 0
  m_Script: {fileID: 11500000, guid: 4caff27366054dd44a30ddb5be369acc, type: 3}
  m_Name: RGBA
  m_EditorClassIdentifier: 
  body: {fileID: -4325905448569817733}
  side: 4
  sidePosition: 52
  sideOffset: 0
  connection: {fileID: 5449214910017620730}
  typeID: SuperFloat4
--- !u!114 &11400000
MonoBehaviour:
  m_ObjectHideFlags: 0
  m_CorrespondingSourceObject: {fileID: 0}
  m_PrefabInstance: {fileID: 0}
  m_PrefabAsset: {fileID: 0}
  m_GameObject: {fileID: 0}
  m_Enabled: 1
  m_EditorHideFlags: 0
  m_Script: {fileID: 11500000, guid: 0e0c2324a9ab1224ebe3edad393e3544, type: 3}
  m_Name: LastSession
  m_EditorClassIdentifier: 
  nodes:
  - {fileID: 4000390645208630865}
  - {fileID: -3526835660620388546}
  - {fileID: 2898044137752826382}
  - {fileID: -3536431276575048748}
  - {fileID: 4680454504465108943}
  - {fileID: 9131831114672751735}
  - {fileID: 2421934847970066489}
  - {fileID: 3291555091743029150}
  - {fileID: -4586966417366801128}
  - {fileID: 3740367711211309074}
  - {fileID: -4325905448569817733}
  - {fileID: -1398635706695225259}
  editorStates:
  - {fileID: -7394781348515253144}
  livesInScene: 0
--- !u!114 &750448278154401596
MonoBehaviour:
  m_ObjectHideFlags: 1
  m_CorrespondingSourceObject: {fileID: 0}
  m_PrefabInstance: {fileID: 0}
  m_PrefabAsset: {fileID: 0}
  m_GameObject: {fileID: 0}
  m_Enabled: 1
  m_EditorHideFlags: 0
  m_Script: {fileID: 11500000, guid: 42e7026d0da7df848ab67d517ac12d74, type: 3}
  m_Name: UV
  m_EditorClassIdentifier: 
  body: {fileID: 2898044137752826382}
  side: 2
  sidePosition: 102
  sideOffset: 0
  connections:
  - {fileID: 4304883111144512014}
  typeID: SuperFloat2
  calculationBlockade: 0
--- !u!114 &2421934847970066489
MonoBehaviour:
  m_ObjectHideFlags: 1
  m_CorrespondingSourceObject: {fileID: 0}
  m_PrefabInstance: {fileID: 0}
  m_PrefabAsset: {fileID: 0}
  m_GameObject: {fileID: 0}
  m_Enabled: 1
  m_EditorHideFlags: 0
  m_Script: {fileID: 11500000, guid: b38f1d4e31344b34faedbf58933e4cca, type: 3}
  m_Name: Mask with RGB Alpha
  m_EditorClassIdentifier: 
  rect:
    serializedVersion: 2
    x: -1525.4022
    y: -211.59981
    width: 172
    height: 220
  nodeKnobs:
  - {fileID: -6329962607144460219}
  - {fileID: -6327267234270653755}
  - {fileID: 5449214910017620730}
  Inputs:
  - {fileID: -6329962607144460219}
  - {fileID: -6327267234270653755}
  Outputs:
  - {fileID: 5449214910017620730}
  Variable: 0
  parametersOK: 1
  Include_RGBA_Alpha: 0
  MemoCount: 1
--- !u!114 &2447662395133011133
MonoBehaviour:
  m_ObjectHideFlags: 1
  m_CorrespondingSourceObject: {fileID: 0}
  m_PrefabInstance: {fileID: 0}
  m_PrefabAsset: {fileID: 0}
  m_GameObject: {fileID: 0}
  m_Enabled: 1
  m_EditorHideFlags: 0
  m_Script: {fileID: 11500000, guid: 42e7026d0da7df848ab67d517ac12d74, type: 3}
  m_Name: RGBA
  m_EditorClassIdentifier: 
  body: {fileID: 3291555091743029150}
  side: 2
  sidePosition: 102
  sideOffset: 0
  connections:
  - {fileID: -6327267234270653755}
  typeID: SuperFloat4
  calculationBlockade: 0
--- !u!114 &2520625453436928670
MonoBehaviour:
  m_ObjectHideFlags: 1
  m_CorrespondingSourceObject: {fileID: 0}
  m_PrefabInstance: {fileID: 0}
  m_PrefabAsset: {fileID: 0}
  m_GameObject: {fileID: 0}
  m_Enabled: 1
  m_EditorHideFlags: 0
  m_Script: {fileID: 11500000, guid: 4caff27366054dd44a30ddb5be369acc, type: 3}
  m_Name: RGBA
  m_EditorClassIdentifier: 
  body: {fileID: -3526835660620388546}
  side: 4
  sidePosition: 52
  sideOffset: 0
  connection: {fileID: -7808321672884568388}
  typeID: SuperFloat4
--- !u!114 &2617953758461109155
MonoBehaviour:
  m_ObjectHideFlags: 1
  m_CorrespondingSourceObject: {fileID: 0}
  m_PrefabInstance: {fileID: 0}
  m_PrefabAsset: {fileID: 0}
  m_GameObject: {fileID: 0}
  m_Enabled: 1
  m_EditorHideFlags: 0
  m_Script: {fileID: 11500000, guid: 4caff27366054dd44a30ddb5be369acc, type: 3}
  m_Name: UV
  m_EditorClassIdentifier: 
  body: {fileID: 2898044137752826382}
  side: 4
  sidePosition: 102
  sideOffset: 0
  connection: {fileID: 0}
  typeID: SuperFloat2
--- !u!114 &2898044137752826382
MonoBehaviour:
  m_ObjectHideFlags: 1
  m_CorrespondingSourceObject: {fileID: 0}
  m_PrefabInstance: {fileID: 0}
  m_PrefabAsset: {fileID: 0}
  m_GameObject: {fileID: 0}
  m_Enabled: 1
  m_EditorHideFlags: 0
  m_Script: {fileID: 11500000, guid: f4eb5d8103f35de4481b621356c3c9eb, type: 3}
  m_Name: Offset UV
  m_EditorClassIdentifier: 
  rect:
    serializedVersion: 2
    x: -2470.8
    y: -608.2
    width: 172
    height: 370
  nodeKnobs:
  - {fileID: 2617953758461109155}
  - {fileID: 750448278154401596}
  Inputs:
  - {fileID: 2617953758461109155}
  Outputs:
  - {fileID: 750448278154401596}
  Variable: 0
  Variable2: 0
  Variable3: 2
  Variable4: 2
  ActiveClamp: 0
  AddParameters: 1
  MemoCount: 1
--- !u!114 &3291555091743029150
MonoBehaviour:
  m_ObjectHideFlags: 1
  m_CorrespondingSourceObject: {fileID: 0}
  m_PrefabInstance: {fileID: 0}
  m_PrefabAsset: {fileID: 0}
  m_GameObject: {fileID: 0}
  m_Enabled: 1
  m_EditorHideFlags: 0
  m_Script: {fileID: 11500000, guid: a6c25233aefd51f4093a66a5c28cdb95, type: 3}
  m_Name: Generate Voronoi
  m_EditorClassIdentifier: 
  rect:
    serializedVersion: 2
    x: -1857.5023
    y: -112.29986
    width: 172
    height: 270
  nodeKnobs:
  - {fileID: -5504289375850609102}
  - {fileID: 2447662395133011133}
  Inputs:
  - {fileID: -5504289375850609102}
  Outputs:
  - {fileID: 2447662395133011133}
  Variable: 8
  Variable2: 1
  AddParameters: 1
  NoAlphaBlack: 0
  MemoCount: 1
--- !u!114 &3740367711211309074
MonoBehaviour:
  m_ObjectHideFlags: 1
  m_CorrespondingSourceObject: {fileID: 0}
  m_PrefabInstance: {fileID: 0}
  m_PrefabAsset: {fileID: 0}
  m_GameObject: {fileID: 0}
  m_Enabled: 1
  m_EditorHideFlags: 0
  m_Script: {fileID: 11500000, guid: b38f1d4e31344b34faedbf58933e4cca, type: 3}
  m_Name: Mask with RGB Alpha
  m_EditorClassIdentifier: 
  rect:
    serializedVersion: 2
    x: -787.3999
    y: -339.80002
    width: 172
    height: 220
  nodeKnobs:
  - {fileID: 4000592389109166763}
  - {fileID: -2524787497517177681}
  - {fileID: 8407449317028283242}
  Inputs:
  - {fileID: 4000592389109166763}
  - {fileID: -2524787497517177681}
  Outputs:
  - {fileID: 8407449317028283242}
  Variable: 0
  parametersOK: 1
  Include_RGBA_Alpha: 1
  MemoCount: 2
--- !u!114 &4000390645208630865
MonoBehaviour:
  m_ObjectHideFlags: 1
  m_CorrespondingSourceObject: {fileID: 0}
  m_PrefabInstance: {fileID: 0}
  m_PrefabAsset: {fileID: 0}
  m_GameObject: {fileID: 0}
  m_Enabled: 1
  m_EditorHideFlags: 0
  m_Script: {fileID: 11500000, guid: ee424d0ee49c7cc4d9d954a8b241a235, type: 3}
  m_Name: Add = A with B
  m_EditorClassIdentifier: 
  rect:
    serializedVersion: 2
    x: -409.59998
    y: -338.4
    width: 172
    height: 290
  nodeKnobs:
  - {fileID: -1890911827677594282}
  - {fileID: -1155545674870220888}
  - {fileID: -7808321672884568388}
  Inputs:
  - {fileID: -1890911827677594282}
  - {fileID: -1155545674870220888}
  Outputs:
  - {fileID: -7808321672884568388}
  Variable: 4
  parametersOK: 1
  Include_RGBA_Alpha: 0
  Include_RGBA_Alpha2: 0
  MemoCount: 1
--- !u!114 &4000592389109166763
MonoBehaviour:
  m_ObjectHideFlags: 1
  m_CorrespondingSourceObject: {fileID: 0}
  m_PrefabInstance: {fileID: 0}
  m_PrefabAsset: {fileID: 0}
  m_GameObject: {fileID: 0}
  m_Enabled: 1
  m_EditorHideFlags: 0
  m_Script: {fileID: 11500000, guid: 4caff27366054dd44a30ddb5be369acc, type: 3}
  m_Name: RGBA
  m_EditorClassIdentifier: 
  body: {fileID: 3740367711211309074}
  side: 4
  sidePosition: 102
  sideOffset: 0
  connection: {fileID: 7923494719191921655}
  typeID: SuperFloat4
--- !u!114 &4304883111144512014
MonoBehaviour:
  m_ObjectHideFlags: 1
  m_CorrespondingSourceObject: {fileID: 0}
  m_PrefabInstance: {fileID: 0}
  m_PrefabAsset: {fileID: 0}
  m_GameObject: {fileID: 0}
  m_Enabled: 1
  m_EditorHideFlags: 0
  m_Script: {fileID: 11500000, guid: 4caff27366054dd44a30ddb5be369acc, type: 3}
  m_Name: UV
  m_EditorClassIdentifier: 
  body: {fileID: -3536431276575048748}
  side: 4
  sidePosition: 102
  sideOffset: 0
  connection: {fileID: 750448278154401596}
  typeID: SuperFloat2
--- !u!114 &4680454504465108943
MonoBehaviour:
  m_ObjectHideFlags: 1
  m_CorrespondingSourceObject: {fileID: 0}
  m_PrefabInstance: {fileID: 0}
  m_PrefabAsset: {fileID: 0}
  m_GameObject: {fileID: 0}
  m_Enabled: 1
  m_EditorHideFlags: 0
  m_Script: {fileID: 11500000, guid: 90ec3a51e031a9f42a8eeb9d470525f6, type: 3}
  m_Name: Main Texture
  m_EditorClassIdentifier: 
  rect:
    serializedVersion: 2
    x: -1796.4
    y: -923.2
    width: 148
    height: 215
  nodeKnobs:
  - {fileID: -5055522543001572842}
  - {fileID: -2652829030515393579}
  Inputs:
  - {fileID: -5055522543001572842}
  Outputs:
  - {fileID: -2652829030515393579}
  Variable: _MainTex_
  MemoCount: 1
--- !u!114 &5161093103174838077
MonoBehaviour:
  m_ObjectHideFlags: 1
  m_CorrespondingSourceObject: {fileID: 0}
  m_PrefabInstance: {fileID: 0}
  m_PrefabAsset: {fileID: 0}
  m_GameObject: {fileID: 0}
  m_Enabled: 1
  m_EditorHideFlags: 0
  m_Script: {fileID: 11500000, guid: 42e7026d0da7df848ab67d517ac12d74, type: 3}
  m_Name: UV
  m_EditorClassIdentifier: 
  body: {fileID: -4586966417366801128}
  side: 2
  sidePosition: 102
  sideOffset: 0
  connections:
  - {fileID: -5504289375850609102}
  typeID: SuperFloat2
  calculationBlockade: 0
--- !u!114 &5449214910017620730
MonoBehaviour:
  m_ObjectHideFlags: 1
  m_CorrespondingSourceObject: {fileID: 0}
  m_PrefabInstance: {fileID: 0}
  m_PrefabAsset: {fileID: 0}
  m_GameObject: {fileID: 0}
  m_Enabled: 1
  m_EditorHideFlags: 0
  m_Script: {fileID: 11500000, guid: 42e7026d0da7df848ab67d517ac12d74, type: 3}
  m_Name: RGBA
  m_EditorClassIdentifier: 
  body: {fileID: 2421934847970066489}
  side: 2
  sidePosition: 102
  sideOffset: 0
  connections:
  - {fileID: -530503842931646573}
  typeID: SuperFloat4
  calculationBlockade: 0
--- !u!114 &7381272180655952459
MonoBehaviour:
  m_ObjectHideFlags: 1
  m_CorrespondingSourceObject: {fileID: 0}
  m_PrefabInstance: {fileID: 0}
  m_PrefabAsset: {fileID: 0}
  m_GameObject: {fileID: 0}
  m_Enabled: 1
  m_EditorHideFlags: 0
  m_Script: {fileID: 11500000, guid: 4caff27366054dd44a30ddb5be369acc, type: 3}
  m_Name: UV
  m_EditorClassIdentifier: 
  body: {fileID: -1398635706695225259}
  side: 4
  sidePosition: 102
  sideOffset: 0
  connection: {fileID: 0}
  typeID: SuperFloat2
--- !u!114 &7923494719191921655
MonoBehaviour:
  m_ObjectHideFlags: 1
  m_CorrespondingSourceObject: {fileID: 0}
  m_PrefabInstance: {fileID: 0}
  m_PrefabAsset: {fileID: 0}
  m_GameObject: {fileID: 0}
  m_Enabled: 1
  m_EditorHideFlags: 0
  m_Script: {fileID: 11500000, guid: 42e7026d0da7df848ab67d517ac12d74, type: 3}
  m_Name: RGBA
  m_EditorClassIdentifier: 
  body: {fileID: -1398635706695225259}
  side: 2
  sidePosition: 102
  sideOffset: 0
  connections:
  - {fileID: 4000592389109166763}
  typeID: SuperFloat4
  calculationBlockade: 0
--- !u!114 &8407449317028283242
MonoBehaviour:
  m_ObjectHideFlags: 1
  m_CorrespondingSourceObject: {fileID: 0}
  m_PrefabInstance: {fileID: 0}
  m_PrefabAsset: {fileID: 0}
  m_GameObject: {fileID: 0}
  m_Enabled: 1
  m_EditorHideFlags: 0
  m_Script: {fileID: 11500000, guid: 42e7026d0da7df848ab67d517ac12d74, type: 3}
  m_Name: RGBA
  m_EditorClassIdentifier: 
  body: {fileID: 3740367711211309074}
  side: 2
  sidePosition: 102
  sideOffset: 0
  connections:
  - {fileID: -1155545674870220888}
  typeID: SuperFloat4
  calculationBlockade: 0
--- !u!114 &9131831114672751735
MonoBehaviour:
  m_ObjectHideFlags: 1
  m_CorrespondingSourceObject: {fileID: 0}
  m_PrefabInstance: {fileID: 0}
  m_PrefabAsset: {fileID: 0}
  m_GameObject: {fileID: 0}
  m_Enabled: 1
  m_EditorHideFlags: 0
  m_Script: {fileID: 11500000, guid: c27b9a5c05a327b429e00e673cb560ea, type: 3}
  m_Name: New Texture
  m_EditorClassIdentifier: 
  rect:
    serializedVersion: 2
    x: -1896
    y: -556
    width: 150
    height: 210
  nodeKnobs:
  - {fileID: -4601533143513506815}
  - {fileID: -7843338940590710016}
  Inputs:
  - {fileID: -4601533143513506815}
  Outputs:
  - {fileID: -7843338940590710016}
  tex: {fileID: 2800000, guid: df623d30a58e6264981e22d0c2e59d3f, type: 3}
  MemoCount: 1
